% This file was created with JabRef 2.10.
% Encoding: Cp1251


@Article{Boehm1987,
  Title                    = {Industrial Software Metrics Top 10 List},
  Author                   = {Barry W. Boehm},
  Journal                  = {IEEE Software 4},
  Year                     = {1987},
  Note                     = {84--85},
  Number                   = {9 (September)},

  Owner                    = {Vjacheslav Bezborodov},
  Timestamp                = {2015.04.01}
}

@Book{dantzig1963,
  Title                    = {Linear Programming and Extensions},
  Author                   = {G.B. Dantzig},
  Publisher                = {Princeton, NJ: Princeton Univ. Press.},
  Year                     = {1963},

  Owner                    = {Vjacheslav Bezborodov},
  Timestamp                = {2017.02.23}
}

@Book{Dongarra1999,
  Title                    = {Numerical Linear Algebra for High Performance Computers (Software, Environments, Tools). Soc for Industrial \& Applied Math},
  Author                   = {J. J. Dongarra and L. S. Duff and D. C. Sorensen and H. A. V. Vorst},
  Year                     = {1999},

  Owner                    = {Vjacheslav Bezborodov},
  Timestamp                = {2015.04.22}
}

@Article{Goldfarb1992,
  Title                    = {Steepest-edge simplex algorithms for linear programming.},
  Author                   = {J.J. Forrest and D. Goldfarb},
  Journal                  = {Mathematical Programming},
  Note                     = {57:341--374, 1992.},

  Owner                    = {Vjacheslav Bezborodov},
  Timestamp                = {2017.02.19}
}

@Article{Gill1989,
  Title                    = {A practical anti-cycling procedure for linear constrained optimization.},
  Author                   = {P.E. Gill and W. Murray and M.A. Saunders and M.H. Wright},
  Journal                  = {Mathematical Programming},
  Note                     = {45:437--474, 1989.},

  Owner                    = {Vjacheslav Bezborodov},
  Timestamp                = {2017.02.19}
}

@Article{Goldfarb1977,
  Title                    = {A practical steepest-edge simplex algorithm.},
  Author                   = {D. Goldfarb and J.K. Reid},
  Journal                  = {Mathematical Programming},
  Note                     = {12:361--371, 1977.},

  Owner                    = {Vjacheslav Bezborodov},
  Timestamp                = {2017.02.19}
}

@Article{Hall2010,
  Title                    = {Towards a practical parallelisation of the simplex method},
  Author                   = {J.A.J. Hall},
  Journal                  = {Computational Management Science},
  Note                     = {7 (2010), pp. 139--170.},

  Owner                    = {Vjacheslav Bezborodov},
  Timestamp                = {2015.04.08}
}

@Article{Hall2012,
  Title                    = {A high performance dual revised simplex solver},
  Author                   = {J.A.J. Hall and Q. Huangfu},
  Journal                  = {Proceedings of the 9th international conference on Parallel Processing and Applied Mathematics},
  Note                     = {Vol. Part I, PPAM'11, -- Berlin, Heidelberg, 2012. Springer-Verlag. -- pp. 143--151.},

  Owner                    = {Vjacheslav Bezborodov},
  Timestamp                = {2015.04.08}
}

@Article{Hall1996,
  Title                    = {PARSMI, a Parallel revised simplex algorithm incorporating minor iterations and Devex pricing},
  Author                   = {J.A.J. Hall and K.I.M. McKinnon},
  Journal                  = {Applied Parallel Computing, J. Wasniewski, J. Dongarra, K. Madsen, and D. Olesen, eds., vol. 1184 of Lecture Notes in Computer Science, 1996, Springer.},
  Note                     = {pp. 67--76.},

  Owner                    = {Vjacheslav Bezborodov},
  Timestamp                = {2015.04.01}
}

@Article{Harris1973,
  Title                    = {Pivot selection method of the Devex LP code.},
  Author                   = {P.M.J. Harris},
  Journal                  = {Mathematical Programming},
  Note                     = {5:1--28, 1973.},

  Owner                    = {Vjacheslav Bezborodov},
  Timestamp                = {2017.02.19}
}

@Book{Huang1970,
  Title                    = {Unified approach to quadratically convergent algorithms for function minimization},
  Author                   = {H. Huang},
  Publisher                = {J. Optimizat. Theory and Appl.},
  Year                     = {1970},
  Note                     = {5, N 6},

  Journal                  = {J. Optimizat. Theory and Appl.},
  Owner                    = {Vjacheslav Bezborodov},
  Timestamp                = {2015.04.08}
}

@Book{McCool2013,
  Title                    = {Structured Parallel Programming: Patterns for Efficient Computation},
  Author                   = {Michael McCool and James Reinders and Arch Robinson},
  Publisher                = {MK},
  Year                     = {2013},

  Owner                    = {Vjacheslav Bezborodov},
  Timestamp                = {2015.04.01}
}

@Unpublished{Mohrhard,
  Title                    = {CppUnit Documentation},
  Author                   = {Markus Mohrhard},
  Note                     = {freedesktop.org},

  Owner                    = {Vjacheslav Bezborodov},
  Timestamp                = {2015.04.12}
}

@Book{Stroustrup2013,
  Title                    = {The C++ Programming Language},
  Author                   = {Bjarne Stroustrup},
  Publisher                = {Addison-Wesley},
  Year                     = {2013},

  Owner                    = {Vjacheslav Bezborodov},
  Timestamp                = {2015.04.06}
}

@Book{Valkovsky1983,
  Title                    = {Элементы параллельного программирования},
  Author                   = {В. А. Вальковский and А. Г. Марчук and Н. Н. Миренков},
  Publisher                = {М.: Радио и связь},
  Year                     = {1983},
  Note                     = {240 с., интеграл.},

  Owner                    = {Vjacheslav Bezborodov},
  Timestamp                = {2015.06.08}
}

@Article{Gershovich1982,
  Title                    = {Метод эллипсоидов, его обобщения и приложения},
  Author                   = {В. И. Гершович and Н. З. Шор},
  Journal                  = {Кибернетика},
  Year                     = {1982},
  Note                     = {№5},

  Owner                    = {Vjacheslav Bezborodov},
  Timestamp                = {2015.03.24}
}

@Book{Grin_Knuth1987,
  Title                    = {Математические методы анализа алгоритмов},
  Author                   = {Д. Грин and Д. Кнут},
  Publisher                = {М.: Мир},
  Year                     = {1987},
  Note                     = {120 с., ил.},

  Owner                    = {Vjacheslav Bezborodov},
  Timestamp                = {2015.03.30}
}

@Book{Danilin2011,
  Title                    = {Основы теории оптимизации (постановки задач) [Электронный ресурс] : электрон. учеб. пособие},
  Author                   = {А. И. Данилин},
  Publisher                = {Минобрнауки России, Самар. гос. аэрокосм. ун-т им. С.П. Королева (нац. исслед. ун-т). -- Электрон. текстовые и граф. дан. (1,2 МБайт). -- Самара},
  Year                     = {2011},
  Note                     = {1 эл. опт. диск (CD-ROM)},

  Owner                    = {Vjacheslav Bezborodov},
  Timestamp                = {2015.03.15}
}

@Book{Ermolyev1976,
  Title                    = {Методы стохастического программирования},
  Author                   = {Ю. М. Ермольев},
  Publisher                = {М.: Наука},
  Year                     = {1976},
  Note                     = {240 с.},

  Owner                    = {Vjacheslav Bezborodov},
  Timestamp                = {2015.04.08}
}

@Book{McConnell2010,
  Title                    = {Совершенный код. Мастер-класс / Пер. с англ.},
  Author                   = {С. Макконнелл},
  Publisher                = {М.: Издательство <<Русская редакция>>},
  Year                     = {2010},
  Note                     = {896 стр.: ил.},

  Owner                    = {Vjacheslav Bezborodov},
  Timestamp                = {2015.04.01}
}

@Book{Panyukova2014,
  Title                    = {Комбинаторика и теория графов: Учебное пособие. Изд. 3-е, испр.},
  Author                   = {Т.А. Панюкова},
  Publisher                = {М.: ЛЕНАНД},
  Year                     = {2014},
  Note                     = {216 с.},

  Owner                    = {Vjacheslav Bezborodov},
  Timestamp                = {2015.03.31}
}

@Book{Polyak1967,
  Title                    = {Один общий метод решения экстремальных задач. -- Докл. АН СССР},
  Author                   = {Б. Т. Поляк},
  Year                     = {1967},
  Note                     = {174, № 1, с. 33--36},

  Institution              = {Докл. АН СССР},
  Owner                    = {Vjacheslav Bezborodov},
  Timestamp                = {2015.04.08}
}

@Book{Solter_Kleper2006,
  Title                    = {C++ для профессионалов.: Пер. с англ.},
  Author                   = {Николас А. Солтер and Скотт Дж. Клеппер},
  Publisher                = {М.: ООО <<И.Д. Вильямс>>},
  Year                     = {2006},
  Note                     = {912 с.: ил. -- Парал. тит. англ.},

  Owner                    = {Vjacheslav Bezborodov},
  Timestamp                = {2015.04.14}
}

@Book{Stecuk2014,
  Title                    = {Методы эллипсоидов и r-алгоритмы},
  Author                   = {П. И. Стецюк},
  Publisher                = {Нац. акад. наук Украины, Ин-т кибернетики им. В. М. Глушкова, Акад. транспорта, информатики и коммуникаций. -- Кишинэу: Эврика},
  Year                     = {2014},
  Note                     = {488 c.},

  Owner                    = {Vjacheslav Bezborodov},
  Timestamp                = {2015.03.15}
}

@Article{Hachiyan1980,
  Title                    = {Полиномиальные алгоритмы в линейном программировании},
  Author                   = {Л. Г. Хачиян},
  Journal                  = {Ж. вычисл. матем. и матем. физ.},
  Year                     = {1980},
  Note                     = {С. 51--68},

  Owner                    = {Vjacheslav Bezborodov},
  Timestamp                = {2015.03.25}
}

@Book{Shor1979,
  Title                    = {Методы минимизации недифференцируемых функций и их приложения},
  Author                   = {Н. З. Шор},
  Publisher                = {Киев: Наук. думка},
  Year                     = {1979},
  Note                     = {200 с.},

  Owner                    = {Vjacheslav Bezborodov},
  Timestamp                = {2015.03.29}
}

@Article{Shor1977,
  Title                    = {Метод отсечения с растяжением пространства для решения задач выпуклого программирования},
  Author                   = {Н. З. Шор},
  Journal                  = {Кибернетика},
  Year                     = {1977},
  Note                     = {№ 1, с. 94--95},

  Owner                    = {Vjacheslav Bezborodov},
  Timestamp                = {2015.03.18}
}

@Article{Shor1972,
  Title                    = {О методе минимизации почти дифференцируемых функций},
  Author                   = {Н. З. Шор},
  Journal                  = {Кибернетика},
  Year                     = {1972},
  Note                     = {№ 4, с. 65--70},

  Owner                    = {Vjacheslav Bezborodov},
  Timestamp                = {2015.04.08}
}

@Book{Shor1970,
  Title                    = {Методы минимизации недифференцируемых функций и их приложения: Автореф. дис. ... докт. физ.-мат. наук.},
  Author                   = {Н. З. Шор},
  Publisher                = {Киев},
  Year                     = {1970},
  Note                     = {44 с.},

  Owner                    = {Vjacheslav Bezborodov},
  Timestamp                = {2015.04.08}
}

@Book{Shor1964,
  Title                    = {О структуре алгоритмов численного решения задач оптимального планирования и проектирования: Автореф. дис. ... канд. физ.-мат. наук.},
  Author                   = {Н. З. Шор},
  Publisher                = {Киев},
  Year                     = {1964},
  Note                     = {10 с.},

  Owner                    = {Vjacheslav Bezborodov},
  Timestamp                = {2015.04.08}
}

@Book{Shor1962,
  Title                    = {Применение метода градиентного спуска для решения сетевой транспортной задачи. -- В кн.: Материалы науч. семинара по теорет. и прикл. вопр. кибернетики и исслед. операций},
  Author                   = {Н. З. Шор},
  Publisher                = {Науч. совет по кибернетике АН УССР. Киев},
  Year                     = {1962},
  Note                     = {вып. 1, с. 9--17},

  Owner                    = {Vjacheslav Bezborodov},
  Timestamp                = {2015.04.08}
}

@Article{Yudin_Nemirovsky1976,
  Title                    = {Информационная сложность и эффективные методы решения выпуклых экстремальных задач},
  Author                   = {Д. Б. Юдин and А. С. Немировский},
  Journal                  = {Экономика и мат. методы},
  Year                     = {1976},
  Note                     = {т. 12, вып. 2. -- С. 357--369},

  Owner                    = {Vjacheslav Bezborodov},
  Timestamp                = {2015.03.24}
}

@Book{Balinski_Wolfe1975,
  Title                    = {Mathematical programming. Study 3. Nondifferentiable optimization},
  Editor                   = {M. L. Balinski and P. Wolfe},
  Publisher                = {Amsterdam: North--Holl and Publ. co.},
  Year                     = {1975},
  Note                     = {178 p.},

  Owner                    = {Vjacheslav Bezborodov},
  Timestamp                = {2015.04.08}
}

@Electronic{Armadillo,
  Title                    = {Armadillo. C++ linear algebra library},
  Url                      = {\normalsize http://arma.sourceforge.net (дата обращения: 21.04.2015)},

  Owner                    = {Vjacheslav Bezborodov},
  Timestamp                = {2015.04.21}
}

@Electronic{Boost,
  Title                    = {Boost},
  Url                      = {\normalsize http://www.boost.org/doc/libs/1\_58\_0/libs/numeric/ublas/ doc/types\_overview.html (дата обращения: 21.04.2015)},

  Owner                    = {Vjacheslav Bezborodov},
  Timestamp                = {2015.04.21}
}

@Electronic{Gmp,
  Title                    = {The GNU Multiple Precision Arithmetic Library},
  Url                      = {\normalsize https://gmplib.org/ (дата обращения: 15.04.2015)},

  Owner                    = {Vjacheslav Bezborodov},
  Timestamp                = {2015.04.12}
}

@Electronic{Intuit,
  Title                    = {ИНТУИТ},
  Url                      = {\normalsize http://www.intuit.ru/studies/courses/1156/190/lecture/ 4952 (дата обращения: 22.04.2015)},

  Owner                    = {Vjacheslav Bezborodov},
  Timestamp                = {2015.04.22}
}

@Electronic{ItPlusPlus,
  Title                    = {IT++},
  Url                      = {\normalsize http://itpp.sourceforge.net/4.3.1 (дата обращения: 21.04.2015)},

  Owner                    = {Vjacheslav Bezborodov},
  Timestamp                = {2015.04.21}
}

@Electronic{Newmat,
  Title                    = {Newmat C++ matrix library},
  Url                      = {\normalsize http://www.robertnz.net/nm\_intro.htm (дата обращения: 21.04.2015)},

  Owner                    = {Vjacheslav Bezborodov},
  Timestamp                = {2015.04.21}
}

@Electronic{WikiForkJoin2015,
  Title                    = {Fork–join model},
  Url                      = {\normalsize http://en.wikipedia.org/wiki/Fork-join\_model (дата обращения: 12.04.2015)},

  Owner                    = {Vjacheslav Bezborodov},
  Timestamp                = {2015.04.02}
}

@Electronic{WolframAlpha,
  Title                    = {WolframAlpha},
  Url                      = {\normalsize http://www.wolframalpha.com (дата обращения: 10.04.2015)},

  Owner                    = {Vjacheslav Bezborodov},
  Timestamp                = {2015.04.12}
}

