% This file was created with JabRef 2.10b2.
% Encoding: Cp1251


@Book{ayvazan2001,
  Title                    = {Прикладная статистика. Основы эконометрики.},
  Author                   = {С. А. Айвазян},
  Publisher                = {М.: Юнити-Дана},
  Year                     = {2001},
  Note                     = {432 с.},

  Owner                    = {Vjacheslav Bezborodov},
  Timestamp                = {2015.12.27}
}

@Book{eliseeva2006,
  Title                    = {Эконометрика. Учебник},
  Author                   = {И. И. Елисеева},
  Publisher                = {М.: Финансы и статистика},
  Year                     = {2006},
  Note                     = {576 с.},

  Owner                    = {Vjacheslav Bezborodov},
  Timestamp                = {2015.12.27}
}

@Book{kremer2004,
  Title                    = {Эконометрика.},
  Author                   = {Н. Ш. Кремер and Б. А. Путко},
  Publisher                = {М.: Юнити-Дана},
  Year                     = {2004},
  Note                     = {311 с.},

  Owner                    = {Vjacheslav Bezborodov},
  Timestamp                = {2015.12.27}
}

@Book{lvovsky2003,
  Title                    = {Набор и верстка в системе LATEX},
  Author                   = {С. М. Львовский},
  Year                     = {2003},

  Owner                    = {Vjacheslav Bezborodov},
  Timestamp                = {2015.12.27}
}

@Book{magnus2007,
  Title                    = {Эконометрика. Начальный курс.},
  Author                   = {Я. Р. Магнус and П. К. Катышев and А. А. Пересецкий},
  Publisher                = {М.: Дело},
  Year                     = {2007},
  Note                     = {504 с.},

  Owner                    = {Vjacheslav Bezborodov},
  Timestamp                = {2015.12.27}
}

