% This file was created with JabRef 2.10b2.
% Encoding: Cp1251


@Article{basumallik2007,
  Title                    = {Programming Distributed Memory Systems using OpenMP.},
  Author                   = {A. Basumallik and S. Min and R. Eigenmann},
  Journal                  = {Proceedings of the 2007 IEEE International Parallel and Distributed Processing Symposium. New York: IEEE Press.},
  Year                     = {2007},

  Owner                    = {Vjacheslav Bezborodov},
  Timestamp                = {2015.04.08}
}

@Article{costa2006,
  Title                    = {Running OpenMP applications efEfficient on an everything-shared SDSM.},
  Author                   = {J.J. Costa},
  Journal                  = {Journal of Parallel and Distributed Computing. Elsevier.},
  Year                     = {2006},
  Number                   = {66 (5), 647658},

  Owner                    = {Vjacheslav Bezborodov},
  Timestamp                = {2015.04.08}
}

@Book{gagne,
  Title                    = {Operating system concepts (9-th ed.).},
  Author                   = {A. S. Gagne and G. Peter Baer Galvin},
  Publisher                = {Hoboken, N.J.: Wiley},
  Note                     = {pp. 181-182.},

  Owner                    = {Vjacheslav Bezborodov},
  Timestamp                = {2015.04.22}
}

@Book{Huang1970,
  Title                    = {Unified approach to quadratically convergent algorithms for function minimization},
  Author                   = {H. Huang},
  Publisher                = {J. Optimizat. Theory and Appl.},
  Year                     = {1970},
  Note                     = {5, N 6},

  Journal                  = {J. Optimizat. Theory and Appl.},
  Owner                    = {Vjacheslav Bezborodov},
  Timestamp                = {2015.04.08}
}

@Article{Knuth1971,
  Title                    = {An Empirical Study of FORTRAN programs},
  Author                   = {Donald Knuth},
  Journal                  = {Software -- Practice and Experience},
  Year                     = {1971},
  Note                     = {105--33},

  Owner                    = {Vjacheslav Bezborodov},
  Timestamp                = {2015.04.01}
}

@Book{McCool2013,
  Title                    = {Structured Parallel Programming: Patterns for Efficient Computation},
  Author                   = {Michael McCool and James Reinders and Arch Robinson},
  Publisher                = {MK},
  Year                     = {2013},

  Owner                    = {Vjacheslav Bezborodov},
  Timestamp                = {2015.04.01}
}

@Unpublished{Mohrhard,
  Title                    = {CppUnit Documentation},
  Author                   = {Markus Mohrhard},
  Note                     = {freedesktop.org},

  Owner                    = {Vjacheslav Bezborodov},
  Timestamp                = {2015.04.12}
}

@Book{Stroustrup2013,
  Title                    = {The C++ Programming Language},
  Author                   = {Bjarne Stroustrup},
  Publisher                = {Addison-Wesley},
  Year                     = {2013},

  Owner                    = {Vjacheslav Bezborodov},
  Timestamp                = {2015.04.06}
}

@Article{wang2010,
  Title                    = {OpenMP compiler for distributed memory architectures.},
  Author                   = {J. Wang and C. Hu and J. Li},
  Journal                  = {Science China Information Sciences. Springer Publishing.},
  Year                     = {2010},
  Number                   = {53 (5): 932944.},

  Owner                    = {Vjacheslav Bezborodov},
  Timestamp                = {2015.04.01}
}

@Book{Valkovsky1983,
  Title                    = {Элементы параллельного программирования},
  Author                   = {В. А. Вальковский and А. Г. Марчук and Н. Н. Миренков},
  Publisher                = {М.: Радио и связь},
  Year                     = {1983},
  Note                     = {240 с., интеграл.},

  Owner                    = {Vjacheslav Bezborodov},
  Timestamp                = {2015.06.08}
}

@Article{Gershovich1982,
  Title                    = {Метод эллипсоидов, его обобщения и приложения},
  Author                   = {В. И. Гершович and Н. З. Шор},
  Journal                  = {Кибернетика},
  Year                     = {1982},
  Note                     = {№5},

  Owner                    = {Vjacheslav Bezborodov},
  Timestamp                = {2015.03.24}
}

@Book{Grin_Knuth1987,
  Title                    = {Математические методы анализа алгоритмов},
  Author                   = {Д. Грин and Д. Кнут},
  Publisher                = {М.: Мир},
  Year                     = {1987},
  Note                     = {120 с., ил.},

  Owner                    = {Vjacheslav Bezborodov},
  Timestamp                = {2015.03.30}
}

@Book{Danilin2011,
  Title                    = {Основы теории оптимизации (постановки задач) [Электронный ресурс] : электрон. учеб. пособие},
  Author                   = {А. И. Данилин},
  Publisher                = {Минобрнауки России, Самар. гос. аэрокосм. ун-т им. С.П. Королева (нац. исслед. ун-т). -- Электрон. текстовые и граф. дан. (1,2 МБайт). -- Самара},
  Year                     = {2011},
  Note                     = {1 эл. опт. диск (CD-ROM)},

  Owner                    = {Vjacheslav Bezborodov},
  Timestamp                = {2015.03.15}
}

@Book{Ermolyev1976,
  Title                    = {Методы стохастического программирования},
  Author                   = {Ю. М. Ермольев},
  Publisher                = {М.: Наука},
  Year                     = {1976},
  Note                     = {240 с.},

  Owner                    = {Vjacheslav Bezborodov},
  Timestamp                = {2015.04.08}
}

@Book{kern_ritch_2007,
  Title                    = {Язык программировании Си. -- 2-е изд.},
  Author                   = {Б. Керниган and Д. Ритчи},
  Publisher                = {М.: Вильямс},
  Year                     = {2007},
  Note                     = {с. 304.},

  Owner                    = {Vjacheslav Bezborodov},
  Timestamp                = {2015.04.14}
}

@Book{McConnell2010,
  Title                    = {Совершенный код. Мастер-класс / Пер. с англ.},
  Author                   = {С. Макконнелл},
  Publisher                = {М.: Издательство <<Русская редакция>>},
  Year                     = {2010},
  Note                     = {896 стр.: ил.},

  Owner                    = {Vjacheslav Bezborodov},
  Timestamp                = {2015.04.01}
}

@Book{Panyukova2014,
  Title                    = {Комбинаторика и теория графов: Учебное пособие. Изд. 3-е, испр.},
  Author                   = {Т.А. Панюкова},
  Publisher                = {М.: ЛЕНАНД},
  Year                     = {2014},
  Note                     = {216 с.},

  Owner                    = {Vjacheslav Bezborodov},
  Timestamp                = {2015.03.31}
}

@Book{Polyak1967,
  Title                    = {Один общий метод решения экстремальных задач. -- Докл. АН СССР},
  Author                   = {Б. Т. Поляк},
  Year                     = {1967},
  Note                     = {174, № 1, с. 33--36},

  Institution              = {Докл. АН СССР},
  Owner                    = {Vjacheslav Bezborodov},
  Timestamp                = {2015.04.08}
}

@Book{Stecuk2014,
  Title                    = {Методы эллипсоидов и r-алгоритмы},
  Author                   = {П. И. Стецюк},
  Publisher                = {Нац. акад. наук Украины, Ин-т кибернетики им. В. М. Глушкова, Акад. транспорта, информатики и коммуникаций. -- Кишинэу: Эврика},
  Year                     = {2014},
  Note                     = {488 c.},

  Owner                    = {Vjacheslav Bezborodov},
  Timestamp                = {2015.03.15}
}

@Article{Hachiyan1980,
  Title                    = {Полиномиальные алгоритмы в линейном программировании},
  Author                   = {Л. Г. Хачиян},
  Journal                  = {Ж. вычисл. матем. и матем. физ.},
  Year                     = {1980},
  Note                     = {С. 51--68},

  Owner                    = {Vjacheslav Bezborodov},
  Timestamp                = {2015.03.25}
}

@Book{shildt2010,
  Title                    = {С: полное руководство, классическое издание.},
  Author                   = {Г. С. Шилдт},
  Publisher                = {М.: Вильямс},
  Year                     = {2010},
  Note                     = {с. 704.},

  Owner                    = {Vjacheslav Bezborodov},
  Timestamp                = {2015.03.29}
}

@Article{Shor1977,
  Title                    = {Метод отсечения с растяжением пространства для решения задач выпуклого программирования},
  Author                   = {Н. З. Шор},
  Journal                  = {Кибернетика},
  Year                     = {1977},
  Note                     = {№ 1, с. 94--95},

  Owner                    = {Vjacheslav Bezborodov},
  Timestamp                = {2015.03.18}
}

@Article{Shor1972,
  Title                    = {О методе минимизации почти дифференцируемых функций},
  Author                   = {Н. З. Шор},
  Journal                  = {Кибернетика},
  Year                     = {1972},
  Note                     = {№ 4, с. 65--70},

  Owner                    = {Vjacheslav Bezborodov},
  Timestamp                = {2015.04.08}
}

@Book{Shor1970,
  Title                    = {Методы минимизации недифференцируемых функций и их приложения: Автореф. дис. ... докт. физ.-мат. наук.},
  Author                   = {Н. З. Шор},
  Publisher                = {Киев},
  Year                     = {1970},
  Note                     = {44 с.},

  Owner                    = {Vjacheslav Bezborodov},
  Timestamp                = {2015.04.08}
}

@Book{Shor1964,
  Title                    = {О структуре алгоритмов численного решения задач оптимального планирования и проектирования: Автореф. дис. ... канд. физ.-мат. наук.},
  Author                   = {Н. З. Шор},
  Publisher                = {Киев},
  Year                     = {1964},
  Note                     = {10 с.},

  Owner                    = {Vjacheslav Bezborodov},
  Timestamp                = {2015.04.08}
}

@Book{Shor1962,
  Title                    = {Применение метода градиентного спуска для решения сетевой транспортной задачи. -- В кн.: Материалы науч. семинара по теорет. и прикл. вопр. кибернетики и исслед. операций},
  Author                   = {Н. З. Шор},
  Publisher                = {Науч. совет по кибернетике АН УССР. Киев},
  Year                     = {1962},
  Note                     = {вып. 1, с. 9--17},

  Owner                    = {Vjacheslav Bezborodov},
  Timestamp                = {2015.04.08}
}

@Article{Yudin_Nemirovsky1976,
  Title                    = {Информационная сложность и эффективные методы решения выпуклых экстремальных задач},
  Author                   = {Д. Б. Юдин and А. С. Немировский},
  Journal                  = {Экономика и мат. методы},
  Year                     = {1976},
  Note                     = {т. 12, вып. 2. -- С. 357--369},

  Owner                    = {Vjacheslav Bezborodov},
  Timestamp                = {2015.03.24}
}

@Book{Balinski_Wolfe1975,
  Title                    = {Mathematical programming. Study 3. Nondifferentiable optimization},
  Editor                   = {M. L. Balinski and P. Wolfe},
  Publisher                = {Amsterdam: North--Holl and Publ. co.},
  Year                     = {1975},
  Note                     = {178 p.},

  Owner                    = {Vjacheslav Bezborodov},
  Timestamp                = {2015.04.08}
}

@Electronic{Armadillo,
  Title                    = {Armadillo. C++ linear algebra library},
  Url                      = {\normalsize http://arma.sourceforge.net (дата обращения: 21.04.2015)},

  Owner                    = {Vjacheslav Bezborodov},
  Timestamp                = {2015.04.21}
}

@Electronic{gmp,
  Url                      = {\normalsize https://gmplib.org/ (дата обращения: 13.12.2016)},

  Owner                    = {Vjacheslav Bezborodov},
  Timestamp                = {2015.04.12}
}

@Electronic{Intuit,
  Title                    = {ИНТУИТ},
  Url                      = {\normalsize http://www.intuit.ru/studies/courses/1156/190/lecture/ 4952 (дата обращения: 22.04.2015)},

  Owner                    = {Vjacheslav Bezborodov},
  Timestamp                = {2015.04.22}
}

@Electronic{mpfr,
  Url                      = {\normalsize http://www.mpfr.org (дата обращения: 13.12.2016)},

  Owner                    = {Vjacheslav Bezborodov},
  Timestamp                = {2015.04.21}
}

@Electronic{Newmat,
  Title                    = {Newmat C++ matrix library},
  Url                      = {\normalsize http://www.robertnz.net/nm\_intro.htm (дата обращения: 21.04.2015)},

  Owner                    = {Vjacheslav Bezborodov},
  Timestamp                = {2015.04.21}
}

@Electronic{openmp,
  Url                      = {\normalsize http://www.openmp.org (дата обращения: 14.12.2016)},

  Owner                    = {Vjacheslav Bezborodov},
  Timestamp                = {2015.04.21}
}

@Electronic{WikiForkJoin2015,
  Title                    = {Fork–join model},
  Url                      = {\normalsize http://en.wikipedia.org/wiki/Fork-join\_model (дата обращения: 12.04.2015)},

  Owner                    = {Vjacheslav Bezborodov},
  Timestamp                = {2015.04.02}
}

@Electronic{WolframAlpha,
  Title                    = {WolframAlpha},
  Url                      = {\normalsize http://www.wolframalpha.com (дата обращения: 10.04.2015)},

  Owner                    = {Vjacheslav Bezborodov},
  Timestamp                = {2015.04.12}
}

